<?xml version="1.0" encoding="UTF-8"?><collection xmlns="http://www.loc.gov/MARC21/slim"><record><leader>00402nam--2200169-i-4500</leader><controlfield tag="001">000003755</controlfield><controlfield tag="002">20161230</controlfield><controlfield tag="005">20161230201025</controlfield><controlfield tag="008">060222s1000------------r-----000-0-rum-d</controlfield><datafield ind1=" " ind2=" " tag="041"><subfield code="a">rum</subfield></datafield><datafield ind1=" " ind2=" " tag="080"><subfield code="a">533.6</subfield></datafield><datafield ind1="1" ind2=" " tag="100"><subfield code="a">Carafoli, Elie</subfield></datafield><datafield ind1="1" ind2="0" tag="245"><subfield code="a">Aerodinamica</subfield><subfield code="c">Elie Carafoli</subfield></datafield><datafield ind1=" " ind2=" " tag="260"><subfield code="a">Bucuresti, Editura Tehnica, 1951</subfield></datafield><datafield ind1=" " ind2=" " tag="300"><subfield code="a">507 P</subfield></datafield><datafield ind1=" " ind2=" " tag="852"><subfield code="a">480</subfield><subfield code="c">533.6</subfield></datafield><datafield ind1=" " ind2=" " tag="CAT"><subfield code="a">Sys</subfield><subfield code="c">20100903</subfield><subfield code="h">102719</subfield></datafield></record></collection>